<?xml version="1.0" encoding="UTF-8"?>
<record xmlns="http://www.loc.gov/MARC21/slim">
   <leader>     cam a22        4500</leader>
   <controlfield tag="001">012653829</controlfield>
   <controlfield tag="003">DE-627</controlfield>
   <controlfield tag="005">20181214200936.0</controlfield>
   <controlfield tag="007">tu</controlfield>
   <controlfield tag="008">710101s1980 xx ||||| 00| ||ger c
   </controlfield>
   <datafield tag="020" ind1=" " ind2=" ">
      <subfield code="a">3442112869</subfield>
      <subfield code="9">3-442-11286-9</subfield>
   </datafield>
   <datafield tag="035" ind1=" " ind2=" ">
      <subfield code="a">(DE-627)012653829</subfield>
   </datafield>
   <datafield tag="035" ind1=" " ind2=" ">
      <subfield code="a">(DE-599)GBV012653829</subfield>
   </datafield>
   <datafield tag="035" ind1=" " ind2=" ">
      <subfield code="a">(OCoLC)15113352</subfield>
   </datafield>
   <datafield tag="040" ind1=" " ind2=" ">
      <subfield code="a">DE-627</subfield>
      <subfield code="b">ger</subfield>
      <subfield code="c">DE-627</subfield>
      <subfield code="e">rakwb</subfield>
   </datafield>
   <datafield tag="041" ind1=" " ind2=" ">
      <subfield code="a">ger</subfield>
   </datafield>
   <datafield tag="044" ind1=" " ind2=" ">
      <subfield code="c">XA-DE</subfield>
   </datafield>
   <datafield tag="084" ind1=" " ind2=" ">
      <subfield code="a">blk #1</subfield>
      <subfield code="2">blk</subfield>
   </datafield>
   <datafield tag="084" ind1=" " ind2=" ">
      <subfield code="a">bcl #1</subfield>
      <subfield code="2">bcl</subfield>
   </datafield>
   <datafield tag="084" ind1=" " ind2=" ">
      <subfield code="a">ssgn #1</subfield>
      <subfield code="2">ssgn</subfield>
   </datafield>
   <datafield tag="084" ind1=" " ind2=" ">
      <subfield code="a">DFI #1</subfield>
      <subfield code="2">DFI</subfield>
   </datafield>

   <datafield tag="084" ind1=" " ind2=" ">
      <subfield code="a">FIV #1</subfield>
      <subfield code="2">FIV</subfield>
   </datafield>
   <datafield tag="084" ind1=" " ind2=" ">
      <subfield code="a">ZL 3210</subfield>
      <subfield code="2">rvk</subfield>
   </datafield>
   <datafield tag="084" ind1=" " ind2=" ">
      <subfield code="a">100.123</subfield>
      <subfield code="2">ddc</subfield>
   </datafield>
   <datafield tag="084" ind1=" " ind2=" ">
      <subfield code="a">23a</subfield>
      <subfield code="a">06a</subfield>
      <subfield code="2">sdnb</subfield>
   </datafield>
   <datafield tag="100" ind1="1" ind2=" ">
      <subfield code="a">Gloede, Walter</subfield>
   </datafield>
   <datafield tag="245" ind1="1" ind2="0">
      <subfield code="a">Sport</subfield>
      <subfield code="b">die unbekannte Größe im politischen Spiel
      </subfield>
      <subfield code="c">Walter Gloede</subfield>
   </datafield>
   <datafield tag="250" ind1=" " ind2=" ">
      <subfield code="a">1. Aufl., Orig.-Ausg.</subfield>
   </datafield>
   <datafield tag="260" ind1=" " ind2="1">
      <subfield code="a">München</subfield>
      <subfield code="b">Goldmann</subfield>
      <subfield code="c">1960</subfield>
   </datafield>
   <datafield tag="264" ind1=" " ind2="1">
      <subfield code="a">München</subfield>
      <subfield code="b">Goldmann</subfield>
      <subfield code="c">1964</subfield>
   </datafield>
   <datafield tag="300" ind1=" " ind2=" ">
      <subfield code="a">448 S</subfield>
   </datafield>
   <datafield tag="336" ind1=" " ind2=" ">
      <subfield code="a">Text</subfield>
      <subfield code="b">txt</subfield>
      <subfield code="2">rdacontent</subfield>
   </datafield>
   <datafield tag="337" ind1=" " ind2=" ">
      <subfield code="a">ohne Hilfsmittel zu benutzen</subfield>
      <subfield code="b">n</subfield>
      <subfield code="2">rdamedia</subfield>
   </datafield>
   <datafield tag="338" ind1=" " ind2=" ">
      <subfield code="a">Band</subfield>
      <subfield code="b">nc</subfield>
      <subfield code="2">rdacarrier</subfield>
   </datafield>
   <datafield tag="490" ind1="0" ind2=" ">
      <subfield code="a">Ein Goldmann-Taschenbuch</subfield>
      <subfield code="v">11286</subfield>
      <subfield code="a">Sachbuch</subfield>
   </datafield>
   <datafield tag="500" ind1=" " ind2=" ">
      <subfield code="a">Mit Bibliogr</subfield>
   </datafield>
   <datafield tag="856" ind1="4" ind2=" ">
      <subfield code="u">http://test2.anyware.nop</subfield>
   </datafield>
   <datafield tag="856" ind1="4" ind2="0">
      <subfield code="u">http://test2.anyware.nop</subfield>
   </datafield>
   <datafield tag="856" ind1="4" ind2="2">
      <subfield code="u">http://test2.anyware.nop</subfield>
   </datafield>
   <datafield tag="924" ind1="0" ind2=" ">
      <subfield code="a">013132261</subfield>
      <subfield code="b">n/a</subfield>
      <subfield code="9">n/a</subfield>
      <subfield code="c">GBV</subfield>
      <subfield code="d">d</subfield>
   </datafield>
   <datafield tag="924" ind1="0" ind2=" ">
      <subfield code="a">228515084</subfield>
      <subfield code="b">DE-46</subfield>
      <subfield code="9">46</subfield>
      <subfield code="c">GBV</subfield>
      <subfield code="d">c</subfield>
      <subfield code="g">a spo 220 e/272</subfield>
   </datafield>
   <datafield tag="924" ind1="0" ind2=" ">
      <subfield code="a">344675610</subfield>
      <subfield code="b">DE-8</subfield>
      <subfield code="9">8</subfield>
      <subfield code="c">GBV</subfield>
      <subfield code="d">c</subfield>
      <subfield code="g">Aj 3923</subfield>
      <subfield code="h">16</subfield>
   </datafield>
   <datafield tag="924" ind1="0" ind2=" ">
      <subfield code="a">893110639</subfield>
      <subfield code="b">DE-Hil2</subfield>
      <subfield code="9">Hil 2</subfield>
      <subfield code="c">GBV</subfield>
      <subfield code="d">c</subfield>
      <subfield code="g">56122</subfield>
      <subfield code="h">MAGAZIN</subfield>
   </datafield>
   <datafield tag="924" ind1="0" ind2=" ">
      <subfield code="a">784296227</subfield>
      <subfield code="b">DE-715</subfield>
      <subfield code="9">715</subfield>
      <subfield code="c">GBV</subfield>
      <subfield code="d">c</subfield>
      <subfield code="g">spo 220 f AW 1456</subfield>
   </datafield>
   <datafield tag="924" ind1="0" ind2=" ">
      <subfield code="a">01313227x</subfield>
      <subfield code="b">DE-45</subfield>
      <subfield code="9">45</subfield>
      <subfield code="c">GBV</subfield>
      <subfield code="d">c</subfield>
      <subfield code="g">82-0874</subfield>
   </datafield>
   <datafield tag="924" ind1="0" ind2=" ">
      <subfield code="a">144730847</subfield>
      <subfield code="b">DE-Va1</subfield>
      <subfield code="9">Va 1</subfield>
      <subfield code="c">GBV</subfield>
      <subfield code="d">c</subfield>
      <subfield code="g">127373</subfield>
   </datafield>
   <datafield tag="924" ind1="0" ind2=" ">
      <subfield code="a">879038810</subfield>
      <subfield code="b">DE-517</subfield>
      <subfield code="9">517</subfield>
      <subfield code="c">GBV</subfield>
      <subfield code="d">c</subfield>
      <subfield code="g">08016179</subfield>
      <subfield code="h">2200</subfield>
   </datafield>
   <datafield tag="937" ind1="0" ind2=" ">
      <subfield code="a">eins, 1</subfield>
      <subfield code="b">zwei, 21, 22</subfield>
      <subfield code="c">drei, 31, 32, 33</subfield>
   </datafield>
   <datafield tag="937" ind1="0" ind2=" ">
      <subfield code="a">vier, 41,42,43, 44</subfield>
   </datafield>
   <datafield tag="951" ind1=" " ind2=" ">
      <subfield code="a">JV</subfield>
   </datafield>
</record>
